@book{handbook,
  author         = {Richard Hammack and Wilfried Imrich and Sandi Klavžar},
  publisher      = {CRC Press},
  title          = {Handbook of Product Graphs},
  year           = {2011},
  isbn = {978-1439813041} 
}

@Article{	  angosto:2019,
  title		= {Non-expansive bijections, uniformities and polyhedral
		  faces},
  journal	= {Journal of Mathematical Analysis and Applications},
  volume	= {471},
  number	= {1},
  pages		= {38-52},
  year		= {2019},
  issn		= {0022-247X},
  doi		= {10.1016/j.jmaa.2018.10.058},
  url		= {https://www.sciencedirect.com/science/article/pii/S0022247X18308874},
  author	= {Carlos Angosto and Vladimir Kadets and Olesia Zavarzina},
  keywords	= {Non-expansive map, Unit ball, Expand-contract plastic
		  space},
  abstract	= {We extend the result of B. Cascales et al. about
		  expand-contract plasticity of the unit ball of strictly
		  convex Banach space to those spaces whose unit sphere is
		  the union of all its finite-dimensional polyhedral extreme
		  subsets. We also extend the definition of expand-contract
		  plasticity to uniform spaces and generalize the theorem on
		  expand-contract plasticity of totally bounded metric spaces
		  to this new setting.}
}

@Article{	  cascales:2016,
  author	= {Cascales, Bernardo and Kadets, Vladimir and Orihuela, Jose
		  and Wingler, Eric},
  year		= {2016},
  month		= {08},
  pages		= {723-727},
  title		= {Plasticity of the unit ball of a strictly convex Banach
		  space},
  volume	= {110},
  journal	= {Revista de la Real Academia de Ciencias Exactas, Físicas
		  y Naturales. Serie A, Matemáticas},
  doi		= {10.1007/s13398-015-0261-3}
}

@Article{	  kadets_zavarzina:2016,
  title		= {Plasticity of the unit ball of $\ell_1$},
  volume	= {83},
  url		= {https://periodicals.karazin.ua/mech_math/article/view/8069},
  doi		= {10.26565/2221-5646-2016-83-01},
  abstractnote	= {&lt;p&gt;In the recent paper by Cascales, Kadets, Orihuela
		  and Wingler it is shown that for every strictly convex
		  Banach space $X$ every non-expansive bijection $F: B_X \to
		  B_X$ is an isometry. We extend this result to the space
		  $\ell_1$, which is not strictly convex.&lt;/p&#38;gt;},
  journal	= {Visnyk of V. N. Karazin Kharkiv National University.
		  Ser. Mathematics, Applied Mathematics and Mechanics},
  author	= {Vladimir Kadets and Olesia Zavarzina},
  year		= {2016},
  month		= {09},
  pages		= {4-9}
}

@Article{	  kadets_zavarzina:2018,
  title		= {Nonexpansive bijections to the unit ball of the $\ell
		  _{1}$-sum of strictly convex Banach spaces},
  Volume	= {97},
  doi		= {10.1017/S0004972717001150},
  number	= {2},
  journal	= {Bulletin of the Australian Mathematical Society},
  publisher	= {Cambridge University Press},
  author	= {Vladimir Kadets and Olesia Zavarzina},
  year		= {2018},
  pages		= {285–292}
}

@Article{	  leo:2022,
  title		= {Plasticity of the unit ball of $c$ and $c_0$},
  journal	= {Journal of Mathematical Analysis and Applications},
  volume	= {507},
  number	= {1},
  pages		= {125718},
  year		= {2022},
  issn		= {0022-247X},
  doi		= {10.1016/j.jmaa.2021.125718},
  url		= {https://www.sciencedirect.com/science/article/pii/S0022247X21007976},
  author	= {Nikita Leo},
  keywords	= {Non-expansive map, Unit ball, Plastic metric space},
  abstract	= {We prove the plasticity of the unit ball of c. That is, we
		  show that every non-expansive bijection from the unit ball
		  of c onto itself is an isometry. We also demonstrate a
		  slightly weaker property for the unit ball of c0 – we
		  prove that a non-expansive bijection is an isometry,
		  provided that it has a continuous inverse.}
}

@Article{	  naimpally:2006,
  title		= {Plasticity in metric spaces},
  journal	= {Journal of Mathematical Analysis and Applications},
  volume	= {313},
  number	= {1},
  pages		= {38-48},
  year		= {2006},
  issn		= {0022-247X},
  doi		= {10.1016/j.jmaa.2005.04.070},
  url		= {https://www.sciencedirect.com/science/article/pii/S0022247X05004117},
  author	= {Somashekhar Amrith Naimpally and Zbigniew Piotrowski and Eric Wingler},% Naimpally, Somashekhar Amrith; Piotrowski, Zbigniew; Wingler, Eric J.
  keywords	= {Compact metric space, Plastic metric space, Hippopotamus},
  abstract	= {In this paper we examine the properties of EC-plastic
		  metric spaces, spaces which have the property that any
		  noncontractive bijection from the space onto itself must be
		  an isometry.}
}

@Article { haller:2022,
    title = {Two new examples of Banach spaces with a plastic
unit ball},
    journal = {Acta et Commentationes Universitatis Tartuensis de Mathematica},
    volume = {26},
    number = {1},
    pages = {89-101},
    year = {2022},
    doi = {10.12697/ACUTM.2022.26.07},
    url = {https://ojs.utlib.ee/index.php/ACUTM/article/view/ACUTM.2022.26.07},
    author = {Rainis Haller and Nikita Leo and Olesia Zavarzina}
}

@article{fakhoury:2024,
  author          = {Micheline Fakhoury},
  journal         = {Journal of Mathematical Analysis and Applications},
  number          = {2},
  title           = {Plasticity of the unit ball of some $C(K)$ spaces},
  volume          = {530},
  year            = {2024},
  doi             = {10.1016/j.jmaa.2023.127688}
}

@article{zavarzina:2017,
author = {Zavarzina, Olesia},
year = {2017},
month = {04},
pages = {},
title = {Non-expansive bijections between unit balls of Banach spaces},
volume = {9},
journal = {Annals of Functional Analysis},
doi = {10.1215/20088752-2017-0050}
}
